@article{Forte:2002fg,
    author = "Forte, Stefano and Garrido, Lluis and Latorre, Jose I. and Piccione, Andrea",
    title = "{Neural network parametrization of deep inelastic structure functions}",
    eprint = "hep-ph/0204232",
    archivePrefix = "arXiv",
    reportNumber = "GEF-TH-3-02, RM3-TH-02-01",
    doi = "10.1088/1126-6708/2002/05/062",
    journal = "JHEP",
    volume = "05",
    pages = "062",
    year = "2002"
}